<?xml version="1.0" encoding="UTF-8"?><collection xmlns="http://www.loc.gov/MARC21/slim"><record><leader>00554nam--2200181-i-4500</leader><controlfield tag="001">000011229</controlfield><controlfield tag="002">20161230</controlfield><controlfield tag="005">20170222164330</controlfield><controlfield tag="008">060222s1000------------r-----000-0-eng-d</controlfield><datafield ind1=" " ind2=" " tag="080"><subfield code="a">621.039.58(047.3)</subfield></datafield><datafield ind1=" " ind2=" " tag="100"><subfield code="a">Adler, Burkhard</subfield></datafield><datafield ind1=" " ind2=" " tag="245"><subfield code="a">Untersuchung der moglichkeit zur rechnerischen beurteilung der reaktorsicherheit im genehmi- gungsverfahr fur kernanlagen</subfield></datafield><datafield ind1=" " ind2=" " tag="260"><subfield code="a">Rossendorf</subfield><subfield code="b">Tentralinstitut Fur Kernforschung</subfield><subfield code="c">1976</subfield></datafield><datafield ind1=" " ind2=" " tag="300"><subfield code="a">117 p</subfield></datafield><datafield ind1=" " ind2=" " tag="490"><subfield code="a">302</subfield></datafield><datafield ind1=" " ind2=" " tag="700"><subfield code="a">Kampf, Thadeus</subfield></datafield><datafield ind1=" " ind2=" " tag="852"><subfield code="a">25832</subfield></datafield><datafield ind1=" " ind2=" " tag="CAT"><subfield code="a">SYS</subfield><subfield code="c">20170222</subfield><subfield code="h">164330</subfield></datafield></record></collection>